<?xml version="1.0" encoding="UTF-8"?><collection xmlns="http://www.loc.gov/MARC21/slim"><record><leader>00513nam--2200169-i-4500</leader><controlfield tag="001">000035605</controlfield><controlfield tag="002">20161230</controlfield><controlfield tag="005">20161230201040</controlfield><controlfield tag="008">060222s1000------------r-----000-0-eng-d</controlfield><datafield ind1=" " ind2=" " tag="040"><subfield code="a">IFIN-HH</subfield></datafield><datafield ind1=" " ind2=" " tag="080"><subfield code="a">539.165</subfield></datafield><datafield ind1="1" ind2=" " tag="100"><subfield code="a">Noack, C</subfield></datafield><datafield ind1="1" ind2="0" tag="245"><subfield code="a">Seniority selection rules of magnetic dipole transitions and allowed beta decay in 1 f7/2 - nuclei</subfield><subfield code="c">C. noack</subfield></datafield><datafield ind1=" " ind2=" " tag="260"><subfield code="a">Rohovoth, Israel</subfield><subfield code="b">Department Of Nuclear Physics</subfield><subfield code="c">/1963</subfield></datafield><datafield ind1=" " ind2=" " tag="300"><subfield code="a">15P.+1 FIG</subfield></datafield><datafield ind1=" " ind2=" " tag="852"><subfield code="a">18736</subfield><subfield code="c">539.14</subfield></datafield><datafield ind1=" " ind2=" " tag="CAT"><subfield code="a">Sys</subfield><subfield code="c">20120323</subfield><subfield code="h">094920</subfield></datafield></record></collection>